

@book{Buckland:2001vm,
  author =        {Buckland, S T and Anderson, D R and Burnham, K P and
                   Borchers, D L and Thomas, L},
  publisher =     {Oxford University Press, Oxford, UK},
  title =         {{Introduction to Distance Sampling}},
  year =          {2001},
}

@book{Buckland:2004ts,
  author =        {Buckland, S T and Anderson, D R and Burnham, K P and
                   Laake, J L and Borchers, D L and Thomas, L},
  month =         aug,
  publisher =     {Oxford University Press, Oxford, UK},
  series =        {Estimating abundance of biological populations},
  title =         {{Advanced Distance Sampling}},
  year =          {2004},
}

@book{buckland2015distance,
  author =        {Buckland, S T and Rexstad, E A and Marques, T A and
                   Oedekoven, C S},
  publisher =     {Springer International Publishing},
  series =        {Methods in Statistical Ecology},
  title =         {{Distance Sampling: Methods and Applications}},
  year =          {2015},
}

@article{Burnham:1980wz,
 author = {Kenneth P. Burnham and David R. Anderson and Jeffrey L. Laake},
 journal = {Wildlife Monographs},
 number = {72},
 pages = {3-202},
 publisher = {[Wiley, Wildlife Society]},
 title = {{Estimation of Density from Line Transect Sampling of Biological Populations}},
 year = {1980}
}


@article{Buckland:1992fa,
  author =        {Buckland, S T},
  journal =       {Applied Statistics},
  number =        {1},
  pages =         {63},
  title =         {{Fitting Density Functions with Polynomials}},
  volume =        {41},
  year =          {1992},
}

@article{Thomas:2010cf,
  author =        {Thomas, L and Buckland, S T and Rexstad, E A and
                   Laake, J L and Strindberg, S and Hedley, S L and
                   Bishop, J R B and Marques, T A and Burnham, K P},
  journal =       {Journal of Applied Ecology},
  month =         feb,
  number =        {1},
  pages =         {5--14},
  title =         {{Distance Software: Design and Analysis of Distance
                   Sampling Surveys for Estimating Population Size}},
  volume =        {47},
  year =          {2010},
}

@manual{rcore,
  address =       {Vienna, Austria},
  author =        {{R Core Team}},
  organization =  {R Foundation for Statistical Computing},
  title =         {{R: A Language and Environment for Statistical
                   Computing}},
  year =          {2015},
}

@manual{mrds-pkg,
  author =        {Laake, J L and Borchers, D L and Thomas, L and
                   Miller, D L and Bishop, J R B},
  note =          {\proglang{R} package version 2.1.15},
  title =         {\pkg{mrds}: Mark-Recapture Distance Sampling},
  year =          {2015},
  url =           {http://CRAN.R-project.org/package=mrds},
}

@article{Burt:2014gu,
  author =        {Burt, M L and Borchers, D L and Jenkins, K J and
                   Marques, T A},
  journal =       {Methods in Ecology and Evolution},
  month =         nov,
  number =        {11},
  pages =         {1180--1191},
  title =         {{Using Mark-Recapture Distance Sampling Methods on
                   Line Transect Surveys}},
  volume =        {5},
  year =          {2014},
}

@article{Marsh:1989ho,
  author =        {Marsh, H and Sinclair, D F},
  journal =       {The Journal of Wildlife Management},
  number =        {4},
  pages =         {1017},
  title =         {{Correcting for Visibility Bias in Strip Transect
                   Aerial Surveys of Aquatic Fauna}},
  volume =        {53},
  year =          {1989},
}

@incollection{Strindberg:2004vr,
  author =        {Strindberg, S and Buckland, S T and Thomas, L},
  booktitle =     {Advanced Distance Sampling},
  month =         aug,
  publisher =     {Oxford University Press, Oxford, UK},
  title =         {{Design of Distance Sampling Surveys and Geographic
                   Information Systems}},
  year =          {2004},
}

@article{Thomas:2007wz,
  author =        {Thomas, L and Williams, R and Sandilands, Doug},
  journal =       {Journal of Cetacean Research and Management},
  number =        {1},
  pages =         {1--13},
  title =         {{Designing Line Transect Surveys for Complex Survey
                   Regions}},
  volume =        {9},
  year =          {2007},
}

@article{Branch:2001ua,
  author =        {Branch, T A and Butterworth, D S},
  journal =       {Journal of Cetacean Research and Management},
  title =         {{Southern Hemisphere Minke Whales: Standardised
                   Abundance Estimates from the 1978/79 to 1997/98
                   IDCR-SOWER Surveys}},
  year =          {2001},
}

@article{Marques:2007ey,
  author =        {Marques, T A and Thomas, L and Fancy, S G and
                   Buckland, S T},
  journal =       {The Auk},
  number =        {4},
  pages =         {1229},
  title =         {{Improving Estimates of Bird Density Using
                   Multiple-Covariate Distance Sampling}},
  volume =        {124},
  year =          {2007},
}

@article{Marques:2010he,
  author =        {Marques, T A and Buckland, S T and Tosh, D and
                   McDonald, R A and Borchers, D L},
  journal =       {Biometrics},
  month =         jan,
  number =        {4},
  pages =         {1247--1255},
  title =         {{Point Transect Sampling Along Linear Features}},
  volume =        {66},
  year =          {2010},
}

@article{Marques:2012fy,
  author =        {Marques, T A and Buckland, S T and Bispo, R and
                   Howland, B},
  journal =       {Statistical Methods {\&} Applications},
  month =         nov,
  number =        {1},
  pages =         {67--80},
  title =         {{Accounting for Animal Density Gradients using
                   Independent Information in Distance Sampling
                   Surveys}},
  volume =        {22},
  year =          {2012},
}

@article{Miller:2015hw,
    author = {Miller, David L. AND Thomas, Len},
    journal = {PLOS ONE},
    publisher = {Public Library of Science},
    title = {{Mixture Models for Distance Sampling Detection Functions}},
    year = {2015},
    month = {03},
    volume = {10},
    pages = {1-19},
    number = {3}
}


@article{Eidous:2005bj,
  author =        {Eidous, O M},
  journal =       {Communications in Statistics - Theory and Methods},
  month =         apr,
  number =        {4},
  pages =         {931--941},
  title =         {{On Improving Kernel Estimators Using Line Transect
                   Sampling}},
  volume =        {34},
  year =          {2005},
}

@article{Becker:2009cj,
  author =        {Becker, E F and Quang, P X},
  journal =       {Journal of Agricultural, Biological, and
                   Environmental Statistics},
  month =         jun,
  number =        {2},
  pages =         {207--223},
  title =         {{A Gamma-Shaped Detection Function for Line-Transect
                   Surveys with Mark-Recapture and Covariate Data}},
  volume =        {14},
  year =          {2009},
}

@article{Giammarino:2014eg,
  author =        {Giammarino, M and Quatto, P},
  journal =       {Environmental and Ecological Statistics},
  month =         jan,
  number =        {4},
  pages =         {689--696},
  title =         {{On Estimating Hooded Crow Density from Line Transect
                   Data through Exponential Mixture Models}},
  volume =        {21},
  year =          {2014},
}

@article{Becker:2015fi,
  author =        {Becker, E F and Christ, A M},
  journal =       {PLoS ONE},
  month =         aug,
  number =        {8},
  pages =         {e0136403--18},
  title =         {{A Unimodal Model for Double Observer Distance
                   Sampling Surveys}},
  volume =        {10},
  year =          {2015},
}

@manual{rsolnp-pkg,
  author =        {Ghalanos, A and Theussl, S},
  note =          {\proglang{R} package version 1.15},
  title =         {\pkg{Rsolnp}: General Non-linear Optimization Using
                   Augmented Lagrange Multiplier Method},
  year =          {2014},
  url =           {https://CRAN.R-project.org/package=Rsolnp},
}

@article{Marques:2003vb,
  author =        {Marques, F F C and Buckland, S T},
  journal =       {Biometrics},
  month =         dec,
  number =        {4},
  pages =         {924--935},
  title =         {{Incorporating Covariates into Standard Line Transect
                   Analyses}},
  volume =        {59},
  year =          {2003},
}

@incollection{Burnham:2004vd,
  author =        {Burnham, K P and Buckland, S T and Laake, J L and
                   Borchers, D L and Bishop, J R B and Thomas, L},
  booktitle =     {Advanced Distance Sampling},
  month =         aug,
  pages =         {385--389},
  publisher =     {Oxford University Press, Oxford, UK},
  title =         {{Further Topics in Distance Sampling}},
  year =          {2004},
}

@book{burnham2003model,
  author =        {Burnham, K P and Anderson, D R},
  publisher =     {Springer Science \& Business Media},
  title =         {Model selection and multimodel inference: a practical
                   information-theoretic approach},
  year =          {2003},
}

@manual{knitr-pkg,
  author =        {Xie, Y},
  note =          {\proglang{R} package version 1.11},
  title =         {\pkg{knitr}: A General-Purpose Package for Dynamic
                   Report Generation in \proglang{R}},
  year =          {2015},
}

@incollection{Borchers:2004wr,
  author =        {Borchers, D L and Burnham, K P},
  booktitle =     {Advanced Distance Sampling},
  month =         aug,
  pages =         {6--30},
  publisher =     {Oxford University Press, Oxford, UK},
  title =         {{General Formulation for Distance Sampling}},
  year =          {2004},
}

@book{thompson2012sampling,
  author =        {Thompson, S K},
  edition =       {2},
  publisher =     {John Wiley \& Sons},
  title =         {{Sampling}},
  year =          {2002},
}

@article{Innes:2002ka,
  author =        {Innes, S and Heide-J{\o}rgensen, M P and Laake, J L and
                   Laidre, K L and Cleator, H J and Richard, P and
                   Stewart, R E A},
  journal =       {NAMMCO Scientific Publications},
  number =        {0},
  pages =         {169--190},
  title =         {{Surveys of Belugas and Narwhals in the Canadian High
                   Arctic in 1996}},
  volume =        {4},
  year =          {2002},
}

@article{Fewster:2009ku,
  author =        {Fewster, R M and Buckland, S T and Burnham, K P and
                   Borchers, D L and Jupp, P E and Laake, J L and
                   Thomas, L},
  journal =       {Biometrics},
  month =         mar,
  number =        {1},
  pages =         {225--236},
  title =         {{Estimating the Encounter Rate Variance in Distance
                   Sampling}},
  volume =        {65},
  year =          {2009},
}

@book{seber2002estimation,
  author =        {Seber, G A F},
  publisher =     {Macmillan},
  title =         {{The Estimation of Animal Abundance and Related
                   Parameters}},
  year =          {1982},
}

@article{Buckland:2007kl,
  author =        {Buckland, S T and Borchers, D L and Johnston, A and
                   Henrys, P A and Marques, T A},
  journal =       {Biometrics},
  month =         dec,
  number =        {4},
  pages =         {989--998},
  title =         {{Line Transect Methods for Plant Surveys}},
  volume =        {63},
  year =          {2007},
}

@article{Otto:1990gs,
  author =        {Otto, M C and Pollock, K H},
  journal =       {Biometrics},
  number =        {1},
  pages =         {239--245},
  title =         {Size Bias in Line Transect Sampling: a Field Test},
  volume =        {46},
  year =          {1990},
}

@article{NchPlu01,
  author =        {Nchanji, A C and Plumptre, A},
  journal =       {African Journal of Ecology},
  pages =         {24--32},
  title =         {{Seasonality in Elephant Dung Decay and Implications
                   for Censusing and Population Monitoring in
                   South-Western {C}ameroon}},
  volume =        {39},
  year =          {2001},
}

@article{Ber90,
  author =        {Bergstedt, R A and Anderson, D R},
  journal =       {Transactions of the American Fisheries Society},
  pages =         {86--91},
  title =         {{Evaluation of Line Transect Sampling Based on
                   Remotely Sensed Data from Underwater Video}},
  volume =        {119},
  year =          {1990},
}

@article{Marques2013b,
  author =        {T A Marques and L Thomas and S W Martin and
                   D K Mellinger and J A Ward and D J Moretti and
                   D Harris and P L Tyack},
  journal =       {Biological Reviews},
  pages =         {287--309},
  title =         {{Estimating Animal Population Density using Passive
                   Acoustics}},
  volume =        {88},
  year =          {2013},
  doi =           {10.1111/brv.12001},
}

@article{Buckland2006,
  author =        {Buckland, S T},
  journal =       {The Auk},
  number =        {2},
  pages =         {345--357},
  title =         {{Point Transect Surveys for Songbirds: Robust
                   Methodologies}},
  volume =        {123},
  year =          {2006},
}

@article{BorSub1,
  author =        {Borchers, D L and Pike, D and Gunnlaugsson, T and
                   V{\'\i}kingsson, G A},
  journal =       {NAMMCO Scientific Publications},
  pages =         {95--110},
  title =         {{Minke Whale Abundance Estimation from the {NASS} 1987
                   and 2001 Aerial Cue-Counting Surveys taking
                   Appropriate Account of Distance Estimation Errors}},
  volume =        {7},
  year =          {2009},
}

@manual{dsm-pkg,
  author =        {Miller, D L and Rexstad, E A and Burt, L M and
                   Bravington, M V and Hedley, S},
  note =          {\proglang{R} package version 2.2.11},
  title =         {{\pkg{dsm}: Density Surface Modelling of Distance
                   Sampling Data}},
  year =          {2015},
  url =           {http://CRAN.R-project.org/package=dsm},
}

@book{Wood:2006vg,
  author =        {Wood, S N},
  month =         feb,
  publisher =     {CRC Press},
  series =        {An Introduction with R},
  title =         {{Generalized Additive Models}},
  year =          {2006},
}

@article{Hedley:2004et,
  author =        {Hedley, S L and Buckland, S T},
  journal =       {Journal of Agricultural, Biological, and
                   Environmental Statistics},
  month =         jun,
  number =        {2},
  pages =         {181--199},
  title =         {{Spatial Models for Line Transect Sampling}},
  volume =        {9},
  year =          {2004},
}

@article{Miller:2013fq,
  author =        {Miller, D L and Burt, M L and Rexstad, E A and
                   Thomas, L},
  journal =       {Methods in Ecology and Evolution},
  month =         aug,
  number =        {11},
  pages =         {1001--1010},
  title =         {{Spatial Models for Distance Sampling Data: Recent
                   Developments and Future Directions}},
  volume =        {4},
  year =          {2013},
}

@manual{mads-pkg,
  author =        {Marshall, L},
  note =          {\proglang{R} package version 0.1.3},
  title =         {\pkg{mads}: Multi-Analysis Distance Sampling},
  year =          {2015},
  url =           {http://CRAN.R-project.org/package=mads},
}

@article{Gerrodette:2005,
  author =        {Gerrodette, T and Forcada, J},
  journal =       {Marine Ecology Progress Series},
  month =         apr,
  pages =         {1--21},
  title =         {{Non-Recovery of Two Spotted and Spinner Dolphin
                   Populations in the Eastern Tropical Pacific Ocean}},
  volume =        {291},
  year =          {2005},
}

@manual{DSsim-pkg,
  author =        {Marshall, L},
  note =          {\proglang{R} package version 1.0.4},
  title =         {\pkg{DSsim}: Distance Sampling Simulations},
  year =          {2015},
  url =           {http://CRAN.R-project.org/package=DSsim},
}

@manual{readdst-pkg,
  author =        {Miller, D L},
  note =          {\proglang{R} package version 0.0.3},
  title =         {\pkg{readdst}: Convert Distance for Windows Projects
                   to \proglang{R} Analyses},
  year =          {2015},
  url =           {https://github.com/distancedevelopment/readdst},
}

@manual{rmarkdown-pkg,
  author =        {Allaire, J J and Cheng, J and Xie, Y and McPherson, J and
                   Chang, W and Allen, J and Wickham, H and Atkins, A and
                   Hyndman, R},
  note =          {\proglang{R} package version 0.8.1},
  title =         {\pkg{rmarkdown}: Dynamic Documents for \proglang{R}},
  year =          {2015},
}

@manual{dsshiny-pkg,
  author =        {Laake, J L},
  note =          {\proglang{R} package version 0.0.1},
  title =         {\pkg{DsShiny}: Shiny/knitr Application for
                   Mark-Recapture Distance Sampling (MRDS)},
  year =          {2014},
  url =           {https://github.com/jlaake/DsShiny/},
}

@manual{shiny-pkg,
  author =        {Winston Chang and Joe Cheng and JJ Allaire and
                   Yihui Xie and Jonathan McPherson},
  note =          {\proglang{R} package version 0.13.1},
  title =         {\pkg{shiny}: Web Application Framework for
                   \proglang{R}},
  year =          {2016},
  url =           {https://CRAN.R-project.org/package=shiny},
}

@article{Fiske:2011gv,
  author = {Fiske, I and Chandler, R},
  title = {unmarked: An R Package for Fitting Hierarchical Models of Wildlife Occurrence and Abundance},
  journal = {Journal of Statistical Software},
  year = {2011},
  volume = {43},
  number = {10}
}

@article{Royle:2004cd,
  author = {Royle, J A and Dawson, D K and Bates, S},
  title = {Modeling Abundance Effects in Distance Sampling},
  journal = {Ecology},
  year = {2004},
  volume = {85},
  number = {6},
  pages = {1591--1597}
}

@manual{Rdistance-pkg,
  title = {Rdistance: Distance Sampling Analyses},
  author = {Trent McDonald and Ryan Nielson and Jason Carlisle},
  year = {2015},
  note = {R package version 1.3.2},
  url = {https://github.com/tmcd82070/Rdistance/wiki},
}


